@BOOK{book:haber,
	AUTHOR = "Stuart Haber, W. Scott Stornetta",
	TITLE = "How to time-stamp a digital document",
	PUBLISHER = "Springer US",
	YEAR = "1991"	
}

@MISC{url:bitcoin,
  author = {{Satoshi Nakamoto}},
  title = {{Bitcoin: A Peer-to-Peer Electronic Cash System}},
  howpublished = {\url{http://bitcoin.org/bitcoin.pdf}},
  note = {Last accessed on 2017/11/26.}
}

@MISC{url:byzantine_general,
  author = {{Leslie Lamport, Robert Shostak, Marshall Pease}},
  title = {{The Byzantine Generals Problem}},
  howpublished = {\url{http://http://citeseerx.ist.psu.edu/viewdoc/download?doi=10.1.1.126.9525&rep=rep1&type=pdf}},
  note = {Last accessed on 2017/11/26.}
}

@MISC{url:consensus_models,
  author = {{Dr. Arati Baliga}},
  title = {{Understanding Blockchain Consensus Model}},
  howpublished = {\url{https://www.persistent.com/wp-content/uploads/2017/04/WP-Understanding-Blockchain-Consensus-Models.pdf}},
  note = {Last accessed on 2017/11/28.}
}

@MISC{url:coinbase_consensus,
  author = {{Amy Castor}},
  title = {{A (Short) Guide to Blockchain Consensus Protocols}},
  howpublished = {\url{https://www.coindesk.com/short-guide-blockchain-consensus-protocols/}},
  note = {Last accessed on 2017/11/28.}
}
